<?xml version="1.0" encoding="UTF-8"?>
<record xmlns="http://www.loc.gov/MARC21/slim" xmlns:zs="http://docs.oasis-open.org/ns/search-ws/sruResponse">
 <leader>
  10487cpcaa22015017a 4500
 </leader>
 <controlfield tag="001">
  13517839
 </controlfield>
 <controlfield tag="005">
  20210608130954.0
 </controlfield>
 <controlfield tag="008">
  040310i19771981xxu                 eng
 </controlfield>
 <datafield ind1=" " ind2=" " tag="906">
  <subfield code="a">
   7
  </subfield>
  <subfield code="b">
   cbc
  </subfield>
  <subfield code="c">
   orignew
  </subfield>
  <subfield code="d">
   1
  </subfield>
  <subfield code="e">
   ncip
  </subfield>
  <subfield code="f">
   19
  </subfield>
  <subfield code="g">
   y-folklife
  </subfield>
 </datafield>
 <datafield ind1=" " ind2=" " tag="955">
  <subfield code="a">
   mfor ?/?/95; shal 10/01/99; cker 12/02/99; kblu 01-07-00; mkru 2004-02-26 ; mkru 2004-06-18; mkru 2004-11-26; mkru 2005-07-13; mkru 2010-08-25; mkru 2012-02-09
  </subfield>
  <subfield code="a">
   mkru 2012-10-09;
  </subfield>
  <subfield code="a">
   mseg 2013-01-07; cker 2013-04-05; cker 2013-05-28
  </subfield>
  <subfield code="a">
   mkru 2013-11-14; cker 2014-12-30; cker 2015-04-14
  </subfield>
  <subfield code="a">
   mkru 2015-11-12
  </subfield>
  <subfield code="a">
   mkru 2016-01-20
  </subfield>
  <subfield code="a">
   mkru 2017-02-01
  </subfield>
  <subfield code="a">
   mkru 2017-09-18
  </subfield>
  <subfield code="a">
   masmit 2021-06-08
  </subfield>
 </datafield>
 <datafield ind1=" " ind2=" " tag="010">
  <subfield code="a">
   2004695008
  </subfield>
 </datafield>
 <datafield ind1=" " ind2=" " tag="035">
  <subfield code="a">
   afc95000016
  </subfield>
 </datafield>
 <datafield ind1="0" ind2="0" tag="028">
  <subfield code="a">
   AFS L69/70
  </subfield>
  <subfield code="b">
   Recording Laboratory, Library of Congress
  </subfield>
 </datafield>
 <datafield ind1=" " ind2=" " tag="040">
  <subfield code="a">
   DLC
  </subfield>
  <subfield code="c">
   DLC
  </subfield>
  <subfield code="e">
   appm
  </subfield>
  <subfield code="d">
   DLC
  </subfield>
 </datafield>
 <datafield ind1=" " ind2=" " tag="043">
  <subfield code="a">
   n-us-va
  </subfield>
  <subfield code="a">
   n-us-nc
  </subfield>
  <subfield code="a">
   n-usa--
  </subfield>
 </datafield>
 <datafield ind1=" " ind2=" " tag="090">
  <subfield code="a">
   MAVIS title no. 1846019-1846044; AFS 21363-21388
  </subfield>
 </datafield>
 <datafield ind1=" " ind2=" " tag="090">
  <subfield code="a">
   MAVIS title no. 1846046-1846069; AFS 21389-21412 (more data in MAVIS)
  </subfield>
 </datafield>
 <datafield ind1=" " ind2=" " tag="090">
  <subfield code="a">
   AFS 21363-21829
  </subfield>
 </datafield>
 <datafield ind1=" " ind2=" " tag="090">
  <subfield code="a">
   RYA 1336-1374; RXA 2049-2098; RXA 2100-2476; VBV 5762-5775
  </subfield>
 </datafield>
 <datafield ind1=" " ind2=" " tag="090">
  <subfield code="a">
   AFC 1982/009:V1-V14
  </subfield>
 </datafield>
 <datafield ind1=" " ind2=" " tag="090">
  <subfield code="a">
   AFC 1982/009
  </subfield>
 </datafield>
 <datafield ind1="0" ind2="0" tag="245">
  <subfield code="a">
   Blue Ridge Parkway Folklife Project collection,
  </subfield>
  <subfield code="f">
   1977-1981 /
  </subfield>
  <subfield code="c">
   collected by the American Folklife Center in cooperation with the National Park Service.
  </subfield>
 </datafield>
 <datafield ind1=" " ind2=" " tag="300">
  <subfield code="a">
   21
  </subfield>
  <subfield code="f">
   boxes;
  </subfield>
  <subfield code="a">
   (13
  </subfield>
  <subfield code="f">
   linear ft.)
  </subfield>
 </datafield>
 <datafield ind1=" " ind2=" " tag="300">
  <subfield code="3">
   manuscripts
  </subfield>
  <subfield code="a">
   161 folders.
  </subfield>
 </datafield>
 <datafield ind1=" " ind2=" " tag="300">
  <subfield code="3">
   sound recordings
  </subfield>
  <subfield code="a">
   428 sound tape reels :
  </subfield>
  <subfield code="b">
   analog, various speeds ;
  </subfield>
  <subfield code="c">
   5 and 7 in.
  </subfield>
 </datafield>
 <datafield ind1=" " ind2=" " tag="300">
  <subfield code="3">
   sound recordings
  </subfield>
  <subfield code="a">
   39 sound cassettes (60 and 90 min. each) :
  </subfield>
  <subfield code="b">
   analog.
  </subfield>
 </datafield>
 <datafield ind1=" " ind2=" " tag="300">
  <subfield code="3">
   sound recordings
  </subfield>
  <subfield code="a">
   2 sound discs :
  </subfield>
  <subfield code="b">
   analog, 33 1/3 rpm ;
  </subfield>
  <subfield code="c">
   12 in.
  </subfield>
 </datafield>
 <datafield ind1=" " ind2=" " tag="300">
  <subfield code="3">
   graphic materials
  </subfield>
  <subfield code="a">
   circa 25,000 photographs :
  </subfield>
  <subfield code="b">
   black and white, color.
  </subfield>
 </datafield>
 <datafield ind1=" " ind2=" " tag="300">
  <subfield code="3">
   graphic materials
  </subfield>
  <subfield code="a">
   114 photographic prints :
  </subfield>
  <subfield code="b">
   black and white.
  </subfield>
 </datafield>
 <datafield ind1=" " ind2=" " tag="300">
  <subfield code="3">
   moving images
  </subfield>
  <subfield code="a">
   14 videocassettes (U-Matic) :
  </subfield>
  <subfield code="b">
   sound, color ;
  </subfield>
  <subfield code="c">
   3/4 in.
  </subfield>
 </datafield>
 <datafield ind1=" " ind2=" " tag="300">
  <subfield code="3">
   artifacts
  </subfield>
  <subfield code="a">
   1 wooden puzzle.
  </subfield>
 </datafield>
 <datafield ind1=" " ind2=" " tag="351">
  <subfield code="a">
   Organized by format into the following series: I. Manuscripts; II. Sound  Recordings; III. Graphic Images; IV. Moving Images.
  </subfield>
 </datafield>
 <datafield ind1=" " ind2=" " tag="520">
  <subfield code="a">
   The collection consists of sound recordings, video recordings, photographs, manuscripts, sheet music, printed ephemera, artifacts, administrative records, and ethnographers' field notes related to the 1978 Blue Ridge Parkway Project field survey, conducted by the American Folklife Center, Library of Congress, in cooperation with the National Park Service. The survey examined folklife in and around an area of the Blue Ridge Parkway at the Virginia and North Carolina border. The project documented old-time music, tales, hunting and hunting stories, farming, tobacco cultivation and auctions, vernacular architecture, quilting, foodways (including drying, canning, and baking), religious music and beliefs, as well as dance events featuring square dancing and flatfoot dancing. Recordings and photographs document local music (including concerts, fiddlers' contests, and music in homes), community events, church services and baptisms, local radio programs, and interviews with white and African American residents. The collection includes two American Folklife Center publications based on these materials and a final report presented to the National Park Service: "The Process of Field Research, Final Report on the Blue Ridge Parkway Folklife Project" by Carl Fleischhauer and Charles Wolfe (1981).
  </subfield>
 </datafield>
 <datafield ind1="8" ind2=" " tag="524">
  <subfield code="a">
   Blue Ridge Parkway Folklife Project collection (AFC 1982/009), Archive of Folk Culture, American Folklife Center, Library of Congress, Washington, D.C.
  </subfield>
 </datafield>
 <datafield ind1=" " ind2=" " tag="530">
  <subfield code="a">
   Selected interviews and images from the collection on Blue Ridge quilters and quiltmaking are presented in "Quilts and Quiltmaking in America, 1978-1996," an American Memory online resource compiled by the National Digital Library Program of the Library of Congress
  </subfield>
  <subfield code="u">
   http://hdl.loc.gov/loc.afc/collafc.af000018
  </subfield>
 </datafield>
 <datafield ind1="1" ind2=" " tag="506">
  <subfield code="a">
   Collection is open for research. Access restrictions apply; some or all content stored offsite. To request materials, please contact the Folklife Reading Room at
  </subfield>
  <subfield code="u">
   http://hdl.loc.gov/loc.afc/folklife.contact
  </subfield>
 </datafield>
 <datafield ind1=" " ind2=" " tag="540">
  <subfield code="a">
   Duplication of the recorded materials may be governed by copyright and other restrictions.
  </subfield>
 </datafield>
 <datafield ind1=" " ind2=" " tag="545">
  <subfield code="a">
   The Blue Ridge Parkway Folklife Project was conducted by the American Folklife Center in cooperation with the National Park Service. Ten folklorists from the American Folklife Center conducted fieldwork in August and September 1978, and collected related materials from 1977 to 1981. The materials were collected for use in designing and improving National Park Service interpretive programs along the Blue Ridge Parkway.
  </subfield>
 </datafield>
 <datafield ind1="0" ind2=" " tag="555">
  <subfield code="a">
   Finding aid, including PDF of the 1982 Inventory to the Blue Ridge Parkway Folklife Project Collection, is available in the Folklife Reading Room, Library of Congress and online
  </subfield>
  <subfield code="u">
   http://hdl.loc.gov/loc.afc/eadafc.af013011
  </subfield>
 </datafield>
 <datafield ind1=" " ind2=" " tag="555">
  <subfield code="a">
   Photographs, sound recordings, and videotapes are indexed in approximately 1500 pages of recording logs which identify the subjects of the photographs, outline the contents of recordings, and provide names, dates, and places of the documentation.  These logs are available in the Folklife Reading Room, Library of Congress.
  </subfield>
 </datafield>
 <datafield ind1=" " ind2=" " tag="581">
  <subfield code="a">
   Eiler, Lyntha Scott; Terry Eiler; and Carl Fleischhauer, eds. Blue Ridge harvest : a region's folklife in photographs. Washington, D.C. : Library of Congress, 1981.
  </subfield>
 </datafield>
 <datafield ind1=" " ind2=" " tag="581">
  <subfield code="a">
   Wolfe, Charles K., ed. Children of the Heav'nly King (AFS L69/70) (Washington, D.C. : Library of Congress Recording Laboratory, 1981).
  </subfield>
 </datafield>
 <datafield ind1=" " ind2=" " tag="581">
  <subfield code="a">
   Wolfe, Charles K., ed. Selected sound recordings from the Blue Ridge Parkway Folklife Project.
  </subfield>
 </datafield>
 <datafield ind1=" " ind2="0" tag="650">
  <subfield code="a">
   Folk music
  </subfield>
  <subfield code="z">
   Blue Ridge Mountains.
  </subfield>
 </datafield>
 <datafield ind1=" " ind2="0" tag="650">
  <subfield code="a">
   Folklore
  </subfield>
  <subfield code="z">
   Blue Ridge Mountains.
  </subfield>
 </datafield>
 <datafield ind1=" " ind2="0" tag="650">
  <subfield code="a">
   Folk dancing
  </subfield>
  <subfield code="z">
   Blue Ridge Mountains.
  </subfield>
 </datafield>
 <datafield ind1=" " ind2="0" tag="650">
  <subfield code="a">
   Bluegrass music
  </subfield>
  <subfield code="y">
   1971-1980.
  </subfield>
 </datafield>
 <datafield ind1=" " ind2="0" tag="650">
  <subfield code="a">
   Community life
  </subfield>
  <subfield code="z">
   Blue Ridge Mountains.
  </subfield>
 </datafield>
 <datafield ind1=" " ind2="0" tag="650">
  <subfield code="a">
   Food habits
  </subfield>
  <subfield code="z">
   Blue Ridge Mountains.
  </subfield>
 </datafield>
 <datafield ind1=" " ind2="0" tag="650">
  <subfield code="a">
   Fox hunting
  </subfield>
  <subfield code="z">
   Blue Ridge Mountains.
  </subfield>
 </datafield>
 <datafield ind1=" " ind2="0" tag="650">
  <subfield code="a">
   Gospel music
  </subfield>
  <subfield code="z">
   Blue Ridge Mountains.
  </subfield>
 </datafield>
 <datafield ind1=" " ind2="0" tag="650">
  <subfield code="a">
   Hymns, English
  </subfield>
  <subfield code="z">
   Blue Ridge Mountains.
  </subfield>
 </datafield>
 <datafield ind1=" " ind2="0" tag="650">
  <subfield code="a">
   Material culture
  </subfield>
  <subfield code="z">
   Blue Ridge Mountains.
  </subfield>
 </datafield>
 <datafield ind1=" " ind2="0" tag="650">
  <subfield code="a">
   Baptists
  </subfield>
  <subfield code="z">
   Blue Ridge Mountains.
  </subfield>
 </datafield>
 <datafield ind1=" " ind2="0" tag="650">
  <subfield code="a">
   Primitive Baptists
  </subfield>
  <subfield code="z">
   Blue Ridge Mountains.
  </subfield>
 </datafield>
 <datafield ind1=" " ind2="0" tag="650">
  <subfield code="a">
   Holiness churches
  </subfield>
  <subfield code="z">
   Appalachian Region, Southern.
  </subfield>
 </datafield>
 <datafield ind1=" " ind2="0" tag="650">
  <subfield code="a">
   Quilts
  </subfield>
  <subfield code="z">
   Blue Ridge Mountains.
  </subfield>
 </datafield>
 <datafield ind1=" " ind2="0" tag="650">
  <subfield code="a">
   Quilting
  </subfield>
  <subfield code="v">
   Patterns.
  </subfield>
 </datafield>
 <datafield ind1=" " ind2="0" tag="650">
  <subfield code="a">
   Quiltmakers
  </subfield>
  <subfield code="z">
   Blue Ridge Mountains
  </subfield>
  <subfield code="v">
   Interviews.
  </subfield>
 </datafield>
 <datafield ind1=" " ind2="0" tag="650">
  <subfield code="a">
   African American quiltmakers
  </subfield>
  <subfield code="z">
   North Carolina
  </subfield>
  <subfield code="v">
   Interviews.
  </subfield>
 </datafield>
 <datafield ind1=" " ind2="0" tag="650">
  <subfield code="a">
   Crazy quilts
  </subfield>
  <subfield code="z">
   Blue Ridge Mountains.
  </subfield>
 </datafield>
 <datafield ind1=" " ind2="0" tag="650">
  <subfield code="a">
   African American quilts
  </subfield>
  <subfield code="z">
   Blue Ridge Mountains.
  </subfield>
 </datafield>
 <datafield ind1=" " ind2="0" tag="650">
  <subfield code="a">
   Square dancing
  </subfield>
  <subfield code="z">
   Blue Ridge Mountains.
  </subfield>
 </datafield>
 <datafield ind1=" " ind2="0" tag="650">
  <subfield code="a">
   String band music
  </subfield>
  <subfield code="z">
   Appalachian Region.
  </subfield>
 </datafield>
 <datafield ind1=" " ind2="0" tag="650">
  <subfield code="a">
   Tales
  </subfield>
  <subfield code="z">
   Blue Ridge Mountains.
  </subfield>
 </datafield>
 <datafield ind1=" " ind2="0" tag="650">
  <subfield code="a">
   Tobacco farmers
  </subfield>
  <subfield code="z">
   Blue Ridge Mountains
  </subfield>
  <subfield code="v">
   Interviews.
  </subfield>
 </datafield>
 <datafield ind1=" " ind2="0" tag="650">
  <subfield code="a">
   Vernacular architecture
  </subfield>
  <subfield code="z">
   Blue Ridge Mountains.
  </subfield>
 </datafield>
 <datafield ind1=" " ind2="0" tag="650">
  <subfield code="a">
   African Americans
  </subfield>
  <subfield code="z">
   Blue Ridge Mountains.
  </subfield>
 </datafield>
 <datafield ind1=" " ind2="0" tag="650">
  <subfield code="a">
   Folk music
  </subfield>
  <subfield code="z">
   Appalachian Region.
  </subfield>
 </datafield>
 <datafield ind1=" " ind2="0" tag="650">
  <subfield code="a">
   Folklore
  </subfield>
  <subfield code="z">
   Appalachian Region.
  </subfield>
 </datafield>
 <datafield ind1=" " ind2="0" tag="650">
  <subfield code="a">
   Folk songs, English
  </subfield>
  <subfield code="z">
   Appalachian Region.
  </subfield>
 </datafield>
 <datafield ind1=" " ind2="0" tag="651">
  <subfield code="a">
   Blue Ridge Mountains
  </subfield>
  <subfield code="x">
   Social life and customs.
  </subfield>
 </datafield>
 <datafield ind1=" " ind2="0" tag="651">
  <subfield code="a">
   Blue Ridge Mountains
  </subfield>
  <subfield code="x">
   Religious life and customs.
  </subfield>
 </datafield>
 <datafield ind1=" " ind2="0" tag="651">
  <subfield code="a">
   Appalachian Region
  </subfield>
  <subfield code="x">
   Social life and customs.
  </subfield>
 </datafield>
 <datafield ind1=" " ind2="0" tag="651">
  <subfield code="a">
   Appalachian Region
  </subfield>
  <subfield code="x">
   Religious life and customs.
  </subfield>
 </datafield>
 <datafield ind1=" " ind2="0" tag="651">
  <subfield code="a">
   Virginia
  </subfield>
  <subfield code="x">
   Social life and customs.
  </subfield>
 </datafield>
 <datafield ind1=" " ind2="0" tag="651">
  <subfield code="a">
   North Carolina
  </subfield>
  <subfield code="x">
   Social life and customs.
  </subfield>
 </datafield>
 <datafield ind1=" " ind2="7" tag="655">
  <subfield code="a">
   Ethnography.
  </subfield>
  <subfield code="2">
   aat
  </subfield>
 </datafield>
 <datafield ind1=" " ind2="7" tag="655">
  <subfield code="a">
   Field notes.
  </subfield>
  <subfield code="2">
   aat
  </subfield>
 </datafield>
 <datafield ind1=" " ind2="7" tag="655">
  <subfield code="a">
   Sound recordings.
  </subfield>
  <subfield code="2">
   aat
  </subfield>
 </datafield>
 <datafield ind1=" " ind2="7" tag="655">
  <subfield code="a">
   Manuscripts.
  </subfield>
  <subfield code="2">
   aat
  </subfield>
 </datafield>
 <datafield ind1=" " ind2="7" tag="655">
  <subfield code="a">
   Videocassettes.
  </subfield>
  <subfield code="2">
   aat
  </subfield>
 </datafield>
 <datafield ind1=" " ind2="7" tag="655">
  <subfield code="a">
   Photographs.
  </subfield>
  <subfield code="2">
   aat
  </subfield>
 </datafield>
 <datafield ind1=" " ind2="7" tag="655">
  <subfield code="a">
   Color slides.
  </subfield>
  <subfield code="2">
   aat
  </subfield>
 </datafield>
 <datafield ind1=" " ind2="7" tag="655">
  <subfield code="a">
   Interviews.
  </subfield>
  <subfield code="2">
   aat
  </subfield>
 </datafield>
 <datafield ind1=" " ind2="7" tag="655">
  <subfield code="a">
   Almanacs.
  </subfield>
  <subfield code="2">
   aat
  </subfield>
 </datafield>
 <datafield ind1=" " ind2="7" tag="655">
  <subfield code="a">
   Oral histories.
  </subfield>
  <subfield code="2">
   lcgft
  </subfield>
 </datafield>
 <datafield ind1=" " ind2="7" tag="655">
  <subfield code="a">
   Field recordings.
  </subfield>
  <subfield code="2">
   lcgft
  </subfield>
 </datafield>
 <datafield ind1=" " ind2="7" tag="655">
  <subfield code="a">
   Religious radio programs.
  </subfield>
  <subfield code="2">
   lcgft
  </subfield>
 </datafield>
 <datafield ind1=" " ind2="7" tag="655">
  <subfield code="a">
   Sermons.
  </subfield>
  <subfield code="2">
   aat
  </subfield>
 </datafield>
 <datafield ind1="1" ind2=" " tag="700">
  <subfield code="a">
   Adler, Thomas A.,
  </subfield>
  <subfield code="e">
   interviewer,
  </subfield>
  <subfield code="e">
   photographer.
  </subfield>
 </datafield>
 <datafield ind1="1" ind2=" " tag="700">
  <subfield code="a">
   Bryan, Mamie,
  </subfield>
  <subfield code="e">
   interviewee.
  </subfield>
 </datafield>
 <datafield ind1="1" ind2=" " tag="700">
  <subfield code="a">
   Choate, Donna,
  </subfield>
  <subfield code="e">
   interviewee.
  </subfield>
 </datafield>
 <datafield ind1="1" ind2=" " tag="700">
  <subfield code="a">
   Cruise, Crystal,
  </subfield>
  <subfield code="e">
   interviewee.
  </subfield>
 </datafield>
 <datafield ind1="1" ind2=" " tag="700">
  <subfield code="a">
   Eiler, Lyntha Scott,
  </subfield>
  <subfield code="e">
   photographer.
  </subfield>
 </datafield>
 <datafield ind1="1" ind2="2" tag="700">
  <subfield code="a">
   Eiler, Lyntha Scott.
  </subfield>
  <subfield code="t">
   Blue Ridge harvest: a region's folklife in photographs.
  </subfield>
 </datafield>
 <datafield ind1="1" ind2=" " tag="700">
  <subfield code="a">
   Eiler, Terry,
  </subfield>
  <subfield code="e">
   photographer.
  </subfield>
 </datafield>
 <datafield ind1="1" ind2=" " tag="700">
  <subfield code="a">
   Fleischhauer, Carl,
  </subfield>
  <subfield code="e">
   interviewer,
  </subfield>
  <subfield code="e">
   photographer.
  </subfield>
 </datafield>
 <datafield ind1="1" ind2=" " tag="700">
  <subfield code="a">
   Jabbour, Alan,
  </subfield>
  <subfield code="e">
   interviewer.
  </subfield>
 </datafield>
 <datafield ind1="1" ind2=" " tag="700">
  <subfield code="a">
   Jarrell, Tommy,
  </subfield>
  <subfield code="d">
   1901-1985,
  </subfield>
  <subfield code="e">
   interviewee,
  </subfield>
  <subfield code="e">
   performer.
  </subfield>
 </datafield>
 <datafield ind1="1" ind2=" " tag="700">
  <subfield code="a">
   Johnson, Geraldine Niva,
  </subfield>
  <subfield code="d">
   1940-2016,
  </subfield>
  <subfield code="e">
   interviewer,
  </subfield>
  <subfield code="e">
   photographer.
  </subfield>
 </datafield>
 <datafield ind1="1" ind2=" " tag="700">
  <subfield code="a">
   Marshall, Howard W.,
  </subfield>
  <subfield code="e">
   interviewer,
  </subfield>
  <subfield code="e">
   photographer.
  </subfield>
 </datafield>
 <datafield ind1="1" ind2=" " tag="700">
  <subfield code="a">
   Mullen, Patrick B.,
  </subfield>
  <subfield code="d">
   1941-
  </subfield>
  <subfield code="e">
   interviewer,
  </subfield>
  <subfield code="e">
   photographer.
  </subfield>
 </datafield>
 <datafield ind1="1" ind2=" " tag="700">
  <subfield code="a">
   Patton, Ila,
  </subfield>
  <subfield code="d">
   1905-2001,
  </subfield>
  <subfield code="e">
   interviewee.
  </subfield>
 </datafield>
 <datafield ind1="1" ind2=" " tag="700">
  <subfield code="a">
   Owen, Blanton,
  </subfield>
  <subfield code="d">
   1945-1998,
  </subfield>
  <subfield code="e">
   interviewer,
  </subfield>
  <subfield code="e">
   photographer.
  </subfield>
 </datafield>
 <datafield ind1="1" ind2=" " tag="700">
  <subfield code="a">
   Owen, Margaret Counts,
  </subfield>
  <subfield code="e">
   interviewer,
  </subfield>
  <subfield code="e">
   photographer.
  </subfield>
 </datafield>
 <datafield ind1="1" ind2=" " tag="700">
  <subfield code="a">
   Ray, Roxie,
  </subfield>
  <subfield code="e">
   interviewee.
  </subfield>
 </datafield>
 <datafield ind1="1" ind2=" " tag="700">
  <subfield code="a">
   Richardson, Larry
  </subfield>
  <subfield code="c">
   (Banjoist),
  </subfield>
  <subfield code="e">
   performer.
  </subfield>
 </datafield>
 <datafield ind1="1" ind2=" " tag="700">
  <subfield code="a">
   Severt, Carrie,
  </subfield>
  <subfield code="e">
   interviewee.
  </subfield>
 </datafield>
 <datafield ind1="1" ind2=" " tag="700">
  <subfield code="a">
   Stanley, Lura,
  </subfield>
  <subfield code="d">
   1906-1984,
  </subfield>
  <subfield code="e">
   interviewee.
  </subfield>
 </datafield>
 <datafield ind1="1" ind2=" " tag="700">
  <subfield code="a">
   Shockley, Maggie,
  </subfield>
  <subfield code="e">
   interviewee.
  </subfield>
 </datafield>
 <datafield ind1="1" ind2=" " tag="700">
  <subfield code="a">
   Todd, Zenna,
  </subfield>
  <subfield code="d">
   1916-2012,
  </subfield>
  <subfield code="e">
   interviewee.
  </subfield>
 </datafield>
 <datafield ind1="1" ind2=" " tag="700">
  <subfield code="a">
   Wilson, Joe,
  </subfield>
  <subfield code="d">
   1938-2015,
  </subfield>
  <subfield code="e">
   interviewer.
  </subfield>
 </datafield>
 <datafield ind1="1" ind2=" " tag="700">
  <subfield code="a">
   Wolfe, Charles K.,
  </subfield>
  <subfield code="e">
   interviewer,
  </subfield>
  <subfield code="e">
   photographer.
  </subfield>
 </datafield>
 <datafield ind1="1" ind2="2" tag="700">
  <subfield code="a">
   Wolfe, Charles K.
  </subfield>
  <subfield code="t">
   Children of the heav'nly king.
  </subfield>
 </datafield>
 <datafield ind1="1" ind2="2" tag="700">
  <subfield code="a">
   Wolfe, Charles K.
  </subfield>
  <subfield code="t">
   Selected sound recordings from the Blue Ridge Parkway Folklife Project
  </subfield>
 </datafield>
 <datafield ind1="1" ind2=" " tag="710">
  <subfield code="a">
   United States.
  </subfield>
  <subfield code="b">
   National Park Service,
  </subfield>
  <subfield code="e">
   sponsor.
  </subfield>
 </datafield>
 <datafield ind1="2" ind2=" " tag="710">
  <subfield code="a">
   American Folklife Center,
  </subfield>
  <subfield code="e">
   sponsor.
  </subfield>
 </datafield>
 <datafield ind1="2" ind2=" " tag="710">
  <subfield code="a">
   Archive of Folk Culture (Library of Congress),
  </subfield>
  <subfield code="e">
   collector.
  </subfield>
 </datafield>
 <datafield ind1="2" ind2=" " tag="710">
  <subfield code="a">
   Blue Ridge Parkway Folklife Project.
  </subfield>
 </datafield>
 <datafield ind1="0" ind2="2" tag="740">
  <subfield code="a">
   Process of field research : final report on the Blue Ridge Parkway Folklife Project.
  </subfield>
 </datafield>
 <datafield ind1=" " ind2=" " tag="852">
  <subfield code="a">
   Library of Congress
  </subfield>
  <subfield code="b">
   Archive of Folk Culture, American Folklife Center,
  </subfield>
  <subfield code="e">
   101 Independence Ave. S.E., Washington, DC USA 20540-4610
  </subfield>
  <subfield code="u">
   http://hdl.loc.gov/loc.afc/folklife.home
  </subfield>
 </datafield>
 <datafield ind1="4" ind2="1" tag="856">
  <subfield code="3">
   Online presentation
  </subfield>
  <subfield code="u">
   http://hdl.loc.gov/loc.afc/collafc.afc1982009
  </subfield>
 </datafield>
 <datafield ind1="4" ind2="2" tag="856">
  <subfield code="3">
   Finding aid
  </subfield>
  <subfield code="u">
   http://hdl.loc.gov/loc.afc/eadafc.af013011
  </subfield>
 </datafield>
 <datafield ind1="4" ind2="2" tag="856">
  <subfield code="3">
   Selected items in Quilts and Quiltmaking in America, 1978-1996
  </subfield>
  <subfield code="u">
   http://hdl.loc.gov/loc.afc/collafc.af000018
  </subfield>
 </datafield>
 <datafield ind1=" " ind2=" " tag="985">
  <subfield code="a">
   AFC/Blue Ridge Parkway
  </subfield>
  <subfield code="e">
   DHC
  </subfield>
 </datafield>
 <datafield ind1=" " ind2=" " tag="985">
  <subfield code="a">
   afc/ead
  </subfield>
 </datafield>
 <datafield ind1=" " ind2=" " tag="985">
  <subfield code="a">
   afc/coll
  </subfield>
 </datafield>
</record>
